@misc{cURL,
note = {cURL, 2013. cURL. [Online] Available at:\url{http://curl.haxx.se/}, [Accessed 7 December 2013]}
}
@misc{PHP,
note = {W3Techs - World Wide Web Technology Surveys, 2013. Most popular server-side programming languages. [Online] Available at:\url{http://w3techs.com/}, [Accessed 7 December 2013]}
}

Authorship or Source, Year. Title of web document or web page. [type of medium] (date of update if available) Available at: include web site address/URL (Uniform Resource Locator) [Accessed date]. - See more at: http://libweb.anglia.ac.uk/referencing/harvard.htm#sthash.EsE1MEz5.dpuf
